@misc{ocpi,
  author = {{EVRoaming Foundation}},
  title = {Open Charge Point Interface (OCPI) Version 2.2.1},
  year = {2022},
  url = {https://evroaming.org/ocpi/},
  note = {Accessed: 2025-02-19}
}

@book{laravel,
  author = {Taylor Otwell},
  title = {Laravel: Up & Running},
  publisher = {O'Reilly Media},
  year = {2019},
  edition = {2nd},
  isbn = {978-1492041212}
}

@manual{vuejs,
  author = {Vue.js Core Team},
  title = {Vue.js Documentation},
  year = {2024},
  url = {https://vuejs.org/},
  note = {Accessed: 2025-02-19}
}

@misc{pusher,
  author = {{Pusher Team}},
  title = {Pusher: Scalable Real-Time WebSockets},
  year = {2024},
  url = {https://pusher.com/},
  note = {Accessed: 2025-02-19}
}

@misc{ocpp,
  author = {{Open Charge Alliance}},
  title = {Open Charge Point Protocol (OCPP) 2.0.1},
  year = {2020},
  url = {https://www.openchargealliance.org/protocols/ocpp-2-0-1/},
  note = {Accessed: 2025-02-19}
}
